
@book{Xie2013,
  title = {Dynamic Documents with R and knitr},
  author = {Yihui Xie},
  year = {2013},
  publisher = {CRC Press}
}


@Article{affy,
    author = {Laurent Gautier and Leslie Cope and Benjamin M. Bolstad and Rafael A. Irizarry},
    title = {affy---Analysis of Affymetrix GeneChip Data at the Probe Level},
    journal = {Bioinformatics},
    volume = {20},
    number = {3},
    year = {2004},
    issn = {1367-4803},
    pages = {307--315},
    doi = {http://dx.doi.org/10.1093/bioinformatics/btg405},
    publisher = {Oxford University Press},
    address = {Oxford, UK},
  }

 @Manual{Alexa10,
    title = {\texttt{topGO}: Enrichment analysis for Gene Ontology},
    author = {Adrian Alexa and Jorg Rahnenfuhrer},
    year = {2010},
    note = {R package version 2.16.0},
  }

 @Manual{glasso,
    title = {glasso: Graphical lasso- estimation of Gaussian graphical models},
    author = {Jerome Friedman and Trevor Hastie and Rob Tibshirani},
    year = {2011},
    note = {R package version 1.7},
    url = {http://CRAN.R-project.org/package=glasso},
 }

@Manual{R,
  title = {R: A Language and Environment for Statistical Computing},
  author = {{R Core Team}},
  organization = {R Foundation for Statistical Computing},
  address = {Vienna, Austria},
  year = {2012},
  note = {{ISBN} 3-900051-07-0},
  url = {http://www.R-project.org/},
}

@article{Langfelder2008,
  title={WGCNA: an R package for weighted correlation network analysis},
  author={Langfelder, Peter and Horvath, Steve},
  journal={BMC Bioinformatics},
  volume={9},
  number={1},
  pages={559},
  year={2008},
  publisher={BioMed Central Ltd}
}

@article{Horvath2011,
  title={Weighted network analysis},
  author={Horvath, Steve},
  journal={Applications in Genomics and Systems Biology},
  year={2011},
  publisher={Springer}
}

@Manual{RcppArmadillo,
  title = {{RcppArmadillo}: {Rcpp} Integration for Armadillo Templated Linear Algebra Library},
  author = {Romain Fran\c{c}ois and Dirk Eddelbuettel and Doug Bates},
  year = {2012},
  note = {{R}~package version~0.3.6.1},
  url = {http://CRAN.R-project.org/package=RcppArmadillo},
}

@article{Francescone2011,
  title={Role of {YKL-40} in the angiogenesis, radioresistance, and progression of glioblastoma},
  author={Francescone, Ralph A and Scully, Steve and Faibish, Michael and Taylor, Sherry L and Oh, Dennis and Moral, Luis and Yan, Wei and Bentley, Brooke and Shao, Rong},
  journal={Journal of Biological Chemistry},
  volume={286},
  number={17},
  pages={15332--15343},
  year={2011},
  publisher={ASBMB}
}

@article{Rosen1988,
author = {von Rosen, D},
journal = {Scandinavian Journal of Statistics},
number = {2},
pages = {97--109},
title = {{Moments for the Inverted Wishart Distribution}},
volume = {15},
year = {1988}
}

@article{VanWieringen2014,
archivePrefix = {arXiv},
arxivId = {1403.0904},
author = {van Wieringen, Wessel N. and Peeters, Carel F. W.},
eprint = {1403.0904},
month = mar,
pages = {2007--2013},
title = {{Ridge Estimation of Inverse Covariance Matrices from High-Dimensional Data}},
volume = {269553},
year = {2014}
}

@article{Stanish1983,
author = {Stanish, William M and Taylor, Noel},
journal = {The American Statistician},
number = {3},
pages = {221--224},
title = {{Estimation of the Intraclass Correlation Coefficient for the Analysis of Covariance Model}},
volume = {37},
year = {1983}
}

@manual{Petersen2008,
author = {Petersen, KB and Pedersen, MS},
journal = {Technical University of Denmark},
title = {{The Matrix Cookbook}},
url = {http://www2.imm.dtu.dk/pubdb/views/publication\_details.php?id=3274},
year = {2008}
}

@article{Lin2007,
author = {Lin, Fa-Hsuan and Tsai, Shang-Yueh and Otazo, Ricardo and Caprihan, Arvind and Wald, Lawrence L and Belliveau, John W and Posse, Stefan},
doi = {10.1002/mrm.21119},
issn = {0740-3194},
journal = {Magnetic Resonance in Medicine},
month = feb,
number = {2},
pages = {249--57},
pmid = {17260356},
title = {{Sensitivity-encoded (SENSE) proton echo-planar spectroscopic imaging (PEPSI) in the human brain.}},
volume = {57},
year = {2007}
}

@article{Dempster1972,
author = {Dempster, A.P.},
journal = {Biometrics},
number = {1},
pages = {157--175},
title = {{Covariance Selection}},
volume = {28},
year = {1972}
}

@article{Dempster1977,
author = {Dempster, A.P. and Laird, N.M. and Rubin, D.B.},
journal = {Journal of the Royal Statistical Society, Series B (Statistical Methodology)},
number = {1},
pages = {1--38},
publisher = {JSTOR},
title = {{Maximum likelihood from incomplete data via the EM algorithm}},
volume = {39},
year = {1977}
}

@article{DerSimonian1986,
author = {DerSimonian, R and Laird, N},
issn = {0197-2456},
journal = {Controlled clinical trials},
keywords = {Clinical Trials as Topic,Clinical Trials as Topic: methods,Humans,Models,Research Design,Statistics as Topic,Theoretical},
month = sep,
number = {3},
pages = {177--88},
pmid = {3802833},
title = {{Meta-analysis in clinical trials}},
volume = {7},
year = {1986}
}

@article{Dai2005b,
author = {Dai, Manhong and Wang, Pinglang and Boyd, Andrew D and Kostov, Georgi and Athey, Brian and Jones, Edward G and Bunney, William E and Myers, Richard M and Speed, Terry P and Akil, Huda and Watson, Stanley J and Meng, Fan},
doi = {10.1093/nar/gni179},
issn = {1362-4962},
journal = {Nucleic acids research},
month = jan,
number = {20},
pages = {e175},
pmid = {16284200},
title = {{Evolving gene/transcript definitions significantly alter the interpretation of GeneChip data.}},
volume = {33},
year = {2005}
}

@article{Cook2011,
author = {Cook, R. Dennis and Forzani, Liliana},
doi = {10.1214/11-EJS602},
issn = {1935-7524},
journal = {Electronic Journal of Statistics},
pages = {146--158},
title = {{On the mean and variance of the generalized inverse of a singular Wishart matrix}},
volume = {5},
year = {2011}
}

@article{Choi2003,
author = {Choi, J. K. and Yu, U. and Kim, S. and Yoo, O. J.},
doi = {10.1093/bioinformatics/btg1010},
issn = {1367-4803},
journal = {Bioinformatics},
month = jul,
number = {Suppl 1},
pages = {i84--i90},
title = {{Combining multiple microarray studies and modeling interstudy variation}},
volume = {19},
year = {2003}
}


@article{Butte2000,
author = {Butte, A J and Tamayo, P and Slonim, D and Golub, T R and Kohane, I S},
doi = {10.1073/pnas.220392197},
issn = {0027-8424},
journal = {PNAS},
month = oct,
number = {22},
pages = {12182--6},
pmid = {11027309},
title = {{Discovering functional relationships between RNA expression and chemotherapeutic susceptibility using relevance networks.}},
volume = {97},
year = {2000}
}

@article{Andrews2011,
author = {Andrews, Jeffrey L. and McNicholas, Paul D.},
doi = {10.1007/s11222-011-9272-x},
isbn = {1122201192},
issn = {0960-3174},
journal = {Statistics and Computing},
month = aug,
number = {5},
pages = {1021--1029},
title = {{Model-based clustering, classification, and discriminant analysis via mixtures of multivariate t-distributions}},
volume = {22},
year = {2011}
}

@article{Chan1997,
author = {Chan, WC and Armitage, JO},
doi = {89: 3909-3918 A},
journal = {Blood},
pages = {3909--3918},
pmid = {9166827},
title = {{A Clinical Evaluation of the International Lymphoma Study Group classification of non-Hodgkin's Lymphoma}},
year = {1997}
}

@article{Eddelbuettel2011,
author = {Eddelbuettel, Dirk and Fran\c{c}ois, Romain},
journal = {Journal of Statistical Software},
number = {8},
title = {{Rcpp: Seamless R and C++ integration}},
volume = {40},
year = {2011}
}

@article{Friedman2008,
author = {Friedman, Jerome and Hastie, Trevor and Tibshirani, Robert},
doi = {10.1093/biostatistics/kxm045},
issn = {1468-4357},
journal = {Biostatistics (Oxford, England)},
month = jul,
number = {3},
pages = {432--41},
pmid = {18079126},
title = {{Sparse inverse covariance estimation with the graphical lasso.}},
volume = {9},
year = {2008}
}

@article{Friedman1989,
author = {Friedman, Jerome H.},
journal = {Journal of the American Statistical Association},
number = {405},
pages = {165--175},
title = {{Regularized Discriminant Analysis}},
volume = {84},
year = {1989}
}

@article{Dai2005,
author = {Dai, Manhong and Wang, Pinglang and Boyd, Andrew D and Kostov, Georgi and Athey, Brian and Jones, Edward G and Bunney, William E and Myers, Richard M and Speed, Terry P and Akil, Huda and Watson, Stanley J and Meng, Fan},
doi = {10.1093/nar/gni179},
issn = {1362-4962},
journal = {Nucleic Acids Research},
month = jan,
number = {20},
pages = {e175},
pmid = {16284200},
title = {{Evolving gene/transcript definitions significantly alter the interpretation of GeneChip data.}},
volume = {33},
year = {2005}
}

@article{Project1997,
abstract = {The Non-Hodgkin's Lymphoma Classification Project},
journal = {Blood},
month = jun,
number = {11},
pages = {3909--3918},
title = {{A Clinical Evaluation of the International Lymphoma Study Group Classification of Non-Hodgkin's Lymphoma}},
volume = {89},
year = {1997}
}


@article{Ding2007,
author = {Ding, Jiu and Zhou, Aihui},
doi = {10.1016/j.aml.2006.11.016},
issn = {08939659},
journal = {Applied Mathematics Letters},
month = dec,
number = {12},
pages = {1223--1226},
title = {{Eigenvalues of rank-one updated matrices with some applications}},
volume = {20},
year = {2007}
}


@article{DykaerBoegsted2015,
  title={A Diffuse Large {B}-Cell Lymphoma Classification System That Associates Normal B-cell Subset Phenotypes with Prognosis},
  author={Karen Dybk\ae{}r and Martin B\o{}gsted and Steffen Falgreen and Julie {S.} B\o{}dker and Malene K{.} Kjeldsen and Alexander Schmitz and Anders {E.} Bilgrau and Zijun {Y.} Xu-Monette and Ling Li and Kim {S.} Bergkvist and Maria {B.} Laursen and Maria Rodrigo-Domingo and Sara {C.} Marques and Sophie {B.} Rasmussen and Mette Nyegaard and Michael Gaihede and Michael {B.} M\o{}ller and Richard {J.} Samworth and Rajen {D.} Shah and Preben Johansen and Tarec {C.} El-Galaly and Ken {H.} Young and Hans {E.} Johnsen},
  journal={Journal Of Clinical Oncology},
  volume={X},
  number={Y},
  pages={Z},
  year={2015}
}

