@Manual{correlateR,
  title = {correlateR: Fast, efficient, and robust partial correlations},
  author = {Anders Ellern Bilgrau},
  url = {http://github.com/AEBilgrau/correlateR},
  note = {R package version 0.1, http://github.com/AEBilgrau/correlateR},
  year = {2014}
}

@Manual{HierarchicalEdgeBundles,
  title = {HierarchicalEdgeBundles: Plotting via Hierarchical Edge Bundles},
  author = {Anders Ellern Bilgrau},
  year = {2014},
  note = {R package version 0.1, https://github.com/AEBilgrau/HierarchicalEdgeBundles},
  url = {https://github.com/AEBilgrau/HierarchicalEdgeBundles}
}


@article{Cheng2008,
  title={Inhibition of dendritic cell differentiation and accumulation of myeloid-derived suppressor cells in cancer is regulated by S100A9 protein},
  author={Cheng, Pingyan and Corzo, Cesar A and Luetteke, Noreen and Yu, Bin and Nagaraj, Srinivas and Bui, Marylin M and Ortiz, Myrna and Nacken, Wolfgang and Sorg, Clemens and Vogl, Thomas and others},
  journal={The Journal of experimental medicine},
  volume={205},
  number={10},
  pages={2235--2249},
  year={2008},
  publisher={Rockefeller Univ Press}
}

@article{Fulmer2008,
  title = {Suppressing the suppressors},
  author = {Tim Fulmer},
  volume = {38},
  number = {1},
  year = {2008},
  doi = {10.1038/scibx.2008.914},
  publisher={SciBX}
}

@article{Meinshausen2006,
author = {Meinshausen, N and B{\"{u}}hlmann, P},
journal = {The Annals of Statistics},
mendeley-groups = {Structural meta analysis,Network analysis},
title = {High dimensional graphs and variable selection with the lasso},
year = {2006}
}


@article{Margolin2006,
author = {Margolin, Adam a and Nemenman, Ilya and Basso, Katia and Wiggins, Chris and Stolovitzky, Gustavo and {Dalla Favera}, Riccardo and Califano, Andrea},
issn = {1471-2105},
journal = {BMC Bioinformatics},
mendeley-groups = {Network analysis},
month = {jan},
pages = {S7},
pmid = {16723010},
title = {{ARACNE}: An algorithm for the reconstruction of gene regulatory networks in a mammalian cellular context},
volume = {7 Suppl 1},
year = {2006}
}


@article{Clarke2013,
author = {Clarke, Colin and Madden, Stephen F and Doolan, Padraig and Aherne, Sinead T and Joyce, Helena and O'Driscoll, Lorraine and Gallagher, William M and Hennessy, Bryan T and Moriarty, Michael and Crown, John and Kennedy, Susan and Clynes, Martin},
issn = {1460-2180},
journal = {Carcinogenesis},
month = {jul},
number = {10},
pages = {2300--2308},
pmid = {23740839},
title = {{Correlating transcriptional networks to breast cancer survival: a large-scale coexpression analysis.}},
volume = {34},
year = {2013}
}


@article{Agnelli2011,
author = {Agnelli, Luca and Forcato, Mattia and Ferrari, Francesco and Tuana, Giacomo and Todoerti, Katia and Walker, Brian a and Morgan, Gareth J and Lombardi, Luigia and Bicciato, Silvio and Neri, Antonino},
journal = {Clinical Cancer Research},
month = {dec},
number = {23},
pages = {7402--12},
pmid = {21890453},
title = {The reconstruction of transcriptional networks reveals critical genes with implications for clinical outcome of multiple myeloma.},
volume = {17},
year = {2011}
}


@article{Fan2013,
  title={Tuning parameter selection in high dimensional penalized likelihood},
  author={Fan, Yingying and Tang, Cheng Yong},
  journal={Journal of the Royal Statistical Society: Series B (Statistical Methodology)},
  volume={75},
  number={3},
  pages={531--552},
  year={2013},
  publisher={Wiley Online Library}
}

@book{Lauritzen1996,
  title={Graphical models},
  author={Lauritzen, Steffen L},
  year={1996},
  publisher={Clarendon Press}
}

@article{Markowetz2007a,
  author = {Markowetz, Florian and Spang, Rainer},
  doi = {10.1186/1471-2105-8-S6-S5},
  journal = {BMC Bioinformatics},
  month = {jan},
  number = {Suppl 6},
  pages = {S5},
  pmid = {17903286},
  publisher = {BioMed Central},
  title = {Inferring Cellular Networks - A Review},
  volume = {8},
  year = {2007}
}


@book{Xie2013,
  title = {Dynamic Documents with R and knitr},
  author = {Yihui Xie},
  year = {2013},
  publisher = {CRC Press}
}


@article{affy,
    author = {Laurent Gautier and Leslie Cope and Benjamin M. Bolstad and Rafael A. Irizarry},
    title = {affy---Analysis of Affymetrix GeneChip Data at the Probe Level},
    journal = {Bioinformatics},
    volume = {20},
    number = {3},
    year = {2004},
    issn = {1367-4803},
    pages = {307--315},
    doi = {http://dx.doi.org/10.1093/bioinformatics/btg405},
    publisher = {Oxford University Press},
    address = {Oxford, UK},
  }

 @Manual{Alexa10,
    title = {\texttt{topGO}: Enrichment Analysis for Gene Ontology},
    author = {Adrian Alexa and Jorg Rahnenfuhrer},
    year = {2010},
    note = {R package version 2.16.0},
  }

 @Manual{glasso,
    title = {glasso: Graphical LASSO- Estimation of Gaussian Graphical Models},
    author = {Jerome Friedman and Trevor Hastie and Rob Tibshirani},
    year = {2011},
    note = {R package version 1.7},
    url = {http://CRAN.R-project.org/package=glasso},
 }

@Manual{R,
  title = {R: A Language and Environment for Statistical Computing},
  author = {{R Core Team}},
  organization = {R Foundation for Statistical Computing},
  address = {Vienna, Austria},
  year = {2012},
  note = {{ISBN} 3-900051-07-0},
  url = {http://www.R-project.org/},
}

@article{Langfelder2008,
  title={WGCNA: An R Package For Weighted Correlation Network Analysis},
  author={Langfelder, Peter and Horvath, Steve},
  journal={BMC Bioinformatics},
  volume={9},
  number={1},
  pages={559},
  year={2008},
  publisher={BioMed Central Ltd}
}

@book{Horvath2011,
  title={Weighted Network Analysis: Applications in Genomics and Systems Biology},
  author={Horvath, Steve},
  publisher={Springer},
  year={2011}
}


@Manual{RcppArmadillo,
  title = {{RcppArmadillo}: {Rcpp} Integration for Armadillo Templated Linear Algebra Library},
  author = {Romain Fran\c{c}ois and Dirk Eddelbuettel and Doug Bates},
  year = {2012},
  note = {{R}~package version~0.3.6.1},
  url = {http://CRAN.R-project.org/package=RcppArmadillo},
}

@article{Francescone2011,
  title={Role of {YKL-40} in the Angiogenesis, Radioresistance, and Progression of Glioblastoma},
  author={Francescone, Ralph A and Scully, Steve and Faibish, Michael and Taylor, Sherry L and Oh, Dennis and Moral, Luis and Yan, Wei and Bentley, Brooke and Shao, Rong},
  journal={Journal of Biological Chemistry},
  volume={286},
  number={17},
  pages={15332--15343},
  year={2011},
  publisher={ASBMB}
}

@article{Rosen1988,
author = {von Rosen, D},
journal = {Scandinavian Journal of Statistics},
number = {2},
pages = {97--109},
title = {{Moments for the Inverted Wishart Distribution}},
volume = {15},
year = {1988}
}

@article{vanWieringen2014,
  author = {Wessel N. van Wieringen and Carel F. W. Peeters},
  doi = {10.1016/j.csda.2016.05.012},
  journal = {Computational Statistics and Data Analysis},
  pages = {284--303},
  volume = {103},
  archivePrefix = {arXiv},
  arxivId = {1403.0904},
  eprint = {1403.0904},
  month = Nov,
  title = {Ridge Estimation of Inverse Covariance Matrices from High-Dimensional Data},
  year = {2016}
}

@article{Shrout1979,
  title={Intraclass Correlations: Uses in Assessing Rater Reliability.},
  author={Shrout, Patrick E and Fleiss, Joseph L},
  journal={Psychological Bulletin},
  volume={86},
  number={2},
  pages={420},
  year={1979},
  publisher={American Psychological Association}
}

@manual{Petersen2008,
author = {Petersen, KB and Pedersen, MS},
organization = {Technical University of Denmark, Technical Manual},
title = {{The Matrix Cookbook}},
url = {http://www2.imm.dtu.dk/pubdb/views/publication\_details.php?id=3274},
year = {2008}
}

@article{Lin2007,
author = {Lin, Fa-Hsuan and Tsai, Shang-Yueh and Otazo, Ricardo and Caprihan, Arvind and Wald, Lawrence L and Belliveau, John W and Posse, Stefan},
doi = {10.1002/mrm.21119},
issn = {0740-3194},
journal = {Magnetic Resonance in Medicine},
month = feb,
number = {2},
pages = {249--57},
pmid = {17260356},
title = {{Sensitivity-Encoded (SENSE) Proton Echo-Planar Spectroscopic Imaging (PEPSI) in the Human Brain.}},
volume = {57},
year = {2007}
}

@article{Dempster1972,
author = {Dempster, A.P.},
journal = {Biometrics},
number = {1},
pages = {157--175},
title = {{Covariance Selection}},
volume = {28},
year = {1972}
}

@article{Dempster1977,
author = {Dempster, A.P. and Laird, N.M. and Rubin, D.B.},
journal = {Journal of the Royal Statistical Society, Series B (Statistical Methodology)},
number = {1},
pages = {1--38},
publisher = {JSTOR},
title = {{Maximum Likelihood from Incomplete Data via the EM Algorithm}},
volume = {39},
year = {1977}
}

@article{DerSimonian1986,
author = {DerSimonian, R and Laird, N},
issn = {0197-2456},
journal = {Controlled Clinical Trials},
month = sep,
number = {3},
pages = {177--88},
pmid = {3802833},
title = {{Meta-analysis in Clinical Trials}},
volume = {7},
year = {1986}
}

@article{Cook2011,
author = {Cook, R. Dennis and Forzani, Liliana},
doi = {10.1214/11-EJS602},
issn = {1935-7524},
journal = {Electronic Journal of Statistics},
pages = {146--158},
title = {On the Mean and Variance of the Generalized Inverse of a Singular Wishart Matrix},
volume = {5},
year = {2011}
}

@article{Choi2003,
author = {Choi, J. K. and Yu, U. and Kim, S. and Yoo, O. J.},
doi = {10.1093/bioinformatics/btg1010},
issn = {1367-4803},
journal = {Bioinformatics},
month = jul,
number = {Suppl 1},
pages = {i84--i90},
title = {Combining Multiple Microarray Studies and Modeling Interstudy Variation},
volume = {19},
year = {2003}
}


@article{Butte2000,
author = {Butte, A J and Tamayo, P and Slonim, D and Golub, T R and Kohane, I S},
doi = {10.1073/pnas.220392197},
issn = {0027-8424},
journal = {PNAS},
month = oct,
number = {22},
pages = {12182--6},
pmid = {11027309},
title = {Discovering Functional Relationships Between RNA Expression and Chemotherapeutic Susceptibility using Relevance Networks.},
volume = {97},
year = {2000}
}

@article{Andrews2011,
author = {Andrews, Jeffrey L. and McNicholas, Paul D.},
doi = {10.1007/s11222-011-9272-x},
isbn = {1122201192},
issn = {0960-3174},
journal = {Statistics and Computing},
month = aug,
number = {5},
pages = {1021--1029},
title = {{Model-based Clustering, Classification, and Discriminant Analysis via Mixtures of Multivariate t-distributions}},
volume = {22},
year = {2011}
}

@article{Chan1997,
  author = {Chan, WC and Armitage, JO and Gascoyne, R and Connors, J and Close, P and Jacobs, P and Norton, A and Lister, TA and Pedrinis, E and Cavalli, F and others},
  doi = {89: 3909-3918 A},
  journal={Blood},
  volume={89},
  number={11},
  pages={3909--3918},
  year={1997},
  pmid = {9166827},
  title = {A Clinical Evaluation of the International Lymphoma Study Group classification of non-Hodgkin's Lymphoma},
  year = {1997}
}

@article{Eddelbuettel2011,
author = {Eddelbuettel, Dirk and Fran\c{c}ois, Romain},
journal = {Journal of Statistical Software},
number = {8},
title = {{Rcpp: Seamless R and C++ integration}},
volume = {40},
year = {2011}
}

@article{Friedman2008,
author = {Friedman, Jerome and Hastie, Trevor and Tibshirani, Robert},
doi = {10.1093/biostatistics/kxm045},
issn = {1468-4357},
journal = {Biostatistics},
month = jul,
number = {3},
pages = {432--41},
pmid = {18079126},
title = {Sparse Inverse Covariance Estimation with the Graphical Lasso.},
volume = {9},
year = {2008}
}

@article{Friedman1989,
author = {Friedman, Jerome H.},
journal = {Journal of the American Statistical Association},
number = {405},
pages = {165--175},
title = {Regularized Discriminant Analysis},
volume = {84},
year = {1989}
}

@article{Dai2005,
author = {Dai, Manhong and Wang, Pinglang and Boyd, Andrew D and Kostov, Georgi and Athey, Brian and Jones, Edward G and Bunney, William E and Myers, Richard M and Speed, Terry P and Akil, Huda and Watson, Stanley J and Meng, Fan},
doi = {10.1093/nar/gni179},
issn = {1362-4962},
journal = {Nucleic Acids Research},
month = jan,
number = {20},
pages = {e175},
pmid = {16284200},
title = {{Evolving Gene/Transcript Definitions Significantly Alter the Interpretation of GeneChip Data.}},
volume = {33},
year = {2005}
}

@article{Project1997,
author = {{International Lymphoma Study Group}},
abstract = {The Non-Hodgkin's Lymphoma Classification Project},
journal = {Blood},
month = jun,
number = {11},
pages = {3909--3918},
title = {A Clinical Evaluation of the International Lymphoma Study Group Classification of Non-Hodgkin's Lymphoma},
volume = {89},
year = {1997}
}


@article{Ding2007,
author = {Ding, Jiu and Zhou, Aihui},
doi = {10.1016/j.aml.2006.11.016},
issn = {08939659},
journal = {Applied Mathematics Letters},
month = dec,
number = {12},
pages = {1223--1226},
title = {Eigenvalues of Rank-One Updated Matrices with some Applications},
volume = {20},
year = {2007}
}


@article{DybkaerBoegsted2015,
  title={A Diffuse Large {B}-Cell Lymphoma Classification System That Associates Normal {B}-cell Subset Phenotypes with Prognosis},
  author={Karen Dybk\ae{}r and Martin B\o{}gsted and Steffen Falgreen and Julie {S.} B\o{}dker and Malene K{.} Kjeldsen and Alexander Schmitz and Anders {E.} Bilgrau and Zijun {Y.} Xu-Monette and Ling Li and Kim {S.} Bergkvist and Maria {B.} Laursen and Maria Rodrigo-Domingo and Sara {C.} Marques and Sophie {B.} Rasmussen and Mette Nyegaard and Michael Gaihede and Michael {B.} M\o{}ller and Richard {J.} Samworth and Rajen {D.} Shah and Preben Johansen and Tarec {C.} El-Galaly and Ken {H.} Young and Hans {E.} Johnsen},
  journal={Journal Of Clinical Oncology, In press.},
  year={2015},
  doi={10.1200/JCO.2014.57.7080}
}

@book{Khalil2002,
  title={Nonlinear Systems},
  author={Hassan K. Khalil},
  year={2002},
  publisher={Prentice Hall},
  isbn = {0-13-067389-7}
}

@article{Phipson2010,
  title={Permutation P-values Should Never be Zero: Calculating Exact P-values when Permutations are Randomly Drawn},
  author={Phipson, Belinda and Smyth, Gordon K},
  volume={9},
  number={39},
  year={2010},
  journal={Statistical Applications in Genetics and Molecular Biology}
}

@article{Holten2006,
  title={Hierarchical Edge Bundles: Visualization of Adjacency Relations in Hierarchical Data},
  author={Holten, Danny},
  journal={Visualization and Computer Graphics, IEEE Transactions on},
  volume={12},
  number={5},
  pages={741--748},
  year={2006},
  publisher={IEEE}
}

@article{Fruchterman1991,
  title={Graph Drawing by Force-Directed Placement},
  author={Fruchterman, Thomas MJ and Reingold, Edward M},
  journal={Software: Practice and experience},
  volume={21},
  number={11},
  pages={1129--1164},
  year={1991},
  publisher={Wiley Online Library}
}
