 @Manual{Alexa10,
    title = {\texttt{topGO}: Enrichment analysis for Gene Ontology},
    author = {Adrian Alexa and Jorg Rahnenfuhrer},
    year = {2010},
    note = {R package version 2.16.0},
  }

 @Manual{glasso,
    title = {glasso: Graphical lasso- estimation of Gaussian graphical models},
    author = {Jerome Friedman and Trevor Hastie and Rob Tibshirani},
    year = {2011},
    note = {R package version 1.7},
    url = {http://CRAN.R-project.org/package=glasso},
 }

@Manual{R,
title = {R: A Language and Environment for Statistical Computing},
author = {{R Core Team}},
organization = {R Foundation for Statistical Computing},
address = {Vienna, Austria},
year = {2012},
note = {{ISBN} 3-900051-07-0},
url = {http://www.R-project.org/},
}